%%%% Checked:
% Kommentar von Manz
%
@book{Fabrizy2022,
	author    = {Fabrizy, Michel-Kwapinski, Oshidari},
	title     = {Strafgesetzbuch § 120 StGB\textsuperscript{14}},
	publisher = {MANZ Verlag},
	year      = {2022},
	note      = {Stand 10.03.2022, rdb.at}
}


% Zeitschrift
% https://rdb.manz.at/document/rdb.tso.LI0105080073
@article{Kodek2001,
	author    = {G. Kodek},
	title     = {Die Verwertung rechtswidriger Tonbandaufnahmen und Abhörergebnisse im Zivilverfahren},
	journal   = {Österreichische Juristenzeitung (ÖJZ)},
	volume    = {56},
	year      = {2001},
	pages     = {281-334}
}

%%%%%%%%%%%%%%%%%%%%%%%%%%%%%%%%%%%
% Neue Quellen für die Einleitung

% Online Quelle passt 
@online{eu_klimapolitik,
	author    = {{Rat der Europäischen Union}},
	title     = {EU-Klimapolitik und nationale Umsetzung},
	year      = {2024},
	url       = {www.consilium.europa.eu/de/policies/climate-change},
	note      = {abgefragt am 07.02.2025}
}

% Checked
@online{bafin_nachhaltigkeit,
	author    = {Bundesanstalt für Finanzdienstleistungsaufsicht (BaFin)},
	title     = {Nachhaltigkeitsrisiken – Erwartungen der Aufsicht an Unternehmen},
	year      = {2022},
	url       = {www.bafin.de/SharedDocs/Downloads/DE/Merkblatt/dl_mb_Nachhaltigkeitsrisiken.pdf},
	note      = {abgefragt am 07.02.2025}
}

% Online link, passt.
@online{bafin_sfdr,
	author    = {Bundesanstalt für Finanzdienstleistungsaufsicht (BaFin)},
	title     = {Offenlegungsverordnung (SFDR) – Nachhaltigkeitsrisiken in der Finanzwirtschaft},
	year      = {2022},
	url       = {www.bafin.de/SharedDocs/Downloads/DE/Merkblatt/dl_mb_Nachhaltigkeitsrisiken.pdf},
	note      = {abgefragt am 07.02.2025}
}

% Incollection (Sammlung) Für Sammelbände und Festschrift!
@incollection{schulev_klimaschutz,
	author    = {Schulev-Steindl},
	title     = {Verfassungs-, Verwaltungs- und Europarecht mit Fokus auf Klimaschutz},
	booktitle = {Festschrift für Eva Schulev-Steindl},
	editor    = {Apathy and Bollenberger and Bydlinski and Iro and Karner and Karollus},
	year      = {2023}
}

% Monografie ist ein Buch außer es kommt in einer Sammlung. 
@book{fleischer_gesellschaftsrecht,
	author    = {Holger Fleischer},
	title     = {Klimaschutz im Gesellschafts-, Bilanz- und Kapitalmarktrecht},
	journal   = {Max-Planck-Institut für Privatrecht},
	year      = {2023},
	url       = {www.mpipriv.de/klimaschutz-und-gesellschaftsrecht}
}

% Ist eigentlich ein Leitfaden, sollte daher report verwenden? 
@book{fraunhofer_klimamanagement,
	author    = {Fraunhofer IPK},
	title     = {Leitfaden Klimamanagement in Unternehmen},
	year      = {2024},
	publisher = {Fraunhofer Institut für Produktionsanlagen und Konstruktionstechnik},
	pages     = {15-30},
	url       = {www.ipk.fraunhofer.de/content/dam/ipk/IPK_Hauptseite/dokumente/andere-pdfs/um-Leitfaden-Klimamanagement-in-Unternehmen-240502.pdf}
}

@book{klug_rechtsdogmatik,
	author    = {Klug, Ulrich},
	title     = {Rechtsdogmatik: Grundlagen und Methoden},
	year      = {2021},
	publisher = {Springer Verlag}
}

@book{kelsen_rechtsanwendung,
	author    = {Kelsen, Hans},
	title     = {Rechtsanwendung und Norminterpretation},
	year      = {2023},
	publisher = {Mohr Siebeck},
	pages     = {17-35}
}


%%%%%%%%%%%%%%%%%%%%%%%%%%%%%%%%%%%%%%%%%%%%%%%%%%
%%%%%%%%%%%%%%%%%%%%%%%%%%%%%%%%%%%%%%%%%%%%%%%%%%
%%%% KAPITEL 2	
%%%%%%%%%%%%%%%%%%%%%%%%%%%%%%%%%%%%%%%%%%%%%%%%%%
%%%%%%%%%%%%%%%%%%%%%%%%%%%%%%%%%%%%%%%%%%%%%%%%%%

% EIn Bericht
@report{sdg_bericht,
	author      = {United Nations},
	title       = {UN Sustainable Development Goals Report},
	institution = {United Nations},
	year        = {2023},
	url         = {https://sdgs.un.org/goals/goal13},
	urldate     = {2025-02-08}
}

% Ein Bericht
@report{eu_emissionhandel,
	author      = {Europäische Kommission},
	title       = {Das EU-Emissionshandelssystem (EU-ETS)},
	institution = {Europäische Kommission},
	year        = {2024},
	url         = {https://climate.ec.europa.eu/eu-action/eu-emissions-trading-system-eu-ets_de},
	urldate     = {2025-02-08}
}

% Ein Gesetz
@legislation{umweltinfo_gesetz,
	title  = {Umweltinformationsgesetz (UIG)},
	shorttitle = {UIG}, % Only for short form and only if availaible
	number = {BGBl. I Nr. 128/2005},
}

% EU-Richtlinien und Verordnungen (z. B. CSRD, EU-Taxonomie-Verordnung)
@eulegislation{eu_csrd,
	type           = {RL},
	number         = {(EU) 2022/2464},
	title          = {über die Nachhaltigkeitsberichterstattung von Unternehmen},
	note           = {{Europäisches Parlament und Rat der EU}}, % Statt institution
	date           = {2022-12-14},
	journal        = {ABl. L 322/15, 30},
	shorttitle     = {CSRD 2022/2464},
}

@eulegislation{eu_taxonomie,
	type           = {VO},
	number         = {(EU) 2020/852},
	title          = {zur Schaffung eines Rahmens zur Erleichterung nachhaltiger Investitionen},
	note           = {{Europäisches Parlament und Rat der EU}}, % Statt institution
	date           = {2020-06-18},
	journal        = {ABl. L 198/13, 22},
	shorttitle     = {EU-Taxonomie-VO}
}

@eulegislation{eu_renewable_energy,
	type           = {RL},
	number         = {(EU) 2023/2413},
	title          = {zur Förderung der Nutzung von Energie aus erneuerbaren Quellen},
	note           = {{Europäisches Parlament und Rat der EU}}, % Statt institution
	date           = {2023-10-31},
	journal        = {ABl. L 309/1, 40},
	shorttitle     = {EE-RL 2023/2413}
}

@eulegislation{eu_energy_efficiency,
	type           = {RL},
	number         = {(EU) 2023/1791},
	title          = {zur Verbesserung der Energieeffizienz in der Europäischen Union},
	note           = {{Europäisches Parlament und Rat der EU}}, % Statt institution
	date           = {2023-09-20},
	journal        = {ABl. L 229/1, 10},
	shorttitle     = {EE-RL 2023/1791},
}

@eulegislation{eu_sharing_effort,
	type           = {VO},
	number         = {(EU) 2023/857},
	title          = {zur Festlegung nationaler Emissionsminderungsziele im Rahmen der Lastenteilung},
	note           = {{Europäisches Parlament und Rat der EU}}, % Statt institution
	date           = {2023-04-19},
	journal        = {ABl. L 111/1, 8},
	shorttitle     = {LastenteilungsVO 2023/857},
}

@eulegislation{eu_land_use,
	type           = {VO},
	number         = {(EU) 2023/839},
	title          = {über die Einbeziehung von Landnutzung, Landnutzungsänderungen und Forstwirtschaft in die Klima- und Energiepolitik},
	note           = {{Europäisches Parlament und Rat der EU}}, % Statt institution
	date           = {2023-04-10},
	journal        = {ABl. L 107/1, 6},
	shorttitle     = {LULUCF-VO 2023/839}
}

@eulegislation{eu_csddd,
	type           = {RL},
	number         = {(EU) 2024/1760},
	title          = {über die Sorgfaltspflichten von Unternehmen im Hinblick auf Nachhaltigkeit},
	note           = {{Europäisches Parlament und Rat der EU}},
	date           = {2024-06-13},
	journal        = {ABl. L 5.7.2024},
	shorttitle     = {CSDDD 2024/1760}
}

@eulegislation{eu_nature_restoration,
	type           = {VO},
	number         = {(EU) 2024/1991},
	title          = {über die Wiederherstellung der Natur und zur Änderung der Verordnung (EU) 2022/869},
	note           = {{Europäisches Parlament und Rat der EU}},
	date           = {2024-06-24},
	journal        = {ABl. L 206, 25.7.2024, 1–25},
	shorttitle     = {NaturwiederherstellungsVO 2024/1991}
}

@eulegislation{eu_umwelthaftung,
	type           = {RL},
	number         = {(EU) 2004/35},
	title          = {über Umwelthaftung zur Vermeidung und Sanierung von Umweltschäden},
	note           = {{Europäisches Parlament und Rat der EU}},
	date           = {2004-04-21},
	journal        = {ABl. L 143/56, 57},
	shorttitle     = {Umwelthaftungsrichtlinie 2004/35/EG}
}

@case{eu_klimaklage,
	title         = {EuGH 25.3.2021, C-565/19 P, Carvalho u. a./Parlament und Rat},
	shorttitle    = {EuGH, C-565/19 P, Carvalho},
	url           = {https://eur-lex.europa.eu/legal-content/de/TXT/?uri=CELEX:62019CJ0565},
	urldate       = {2025-02-09}
}


@article{euZ_due_diligence,
	author    = {Müller, Maximilian},
	title     = {Die neuen Sorgfaltspflichten für Unternehmen in der EU – Eine Analyse der CSDDD},
	journal   = {Zeitschrift für Europarecht (EuZ)},
	volume    = {10},
	year      = {2024},
	pages     = {145--167},
	url       = {https://eizpublishing.ch/artikel/euz/10-2024/die-neuen-sorgfaltspflichten-fuer-unternehmen-in-der-eu-eine-analyse-der-csddd},
	urldate   = {2025-02-09}
}