@book{SuttonBarto2018,
	author    = {Richard S. Sutton and Andrew G. Barto},
	title     = {Reinforcement Learning: An Introduction},
	year      = {2018},
	edition   = {2},
	publisher = {MIT Press},
	url       = {https://web.stanford.edu/class/psych209/Readings/SuttonBartoIPRLBook2ndEd.pdf},
	doi       = {10.5555/3312046}
}

@article{Lowe2017,
	author    = {Ryan Lowe and Yi Wu and Aviv Tamar and Jean Harb and Pieter Abbeel and Igor Mordatch},
	title     = {Multi-Agent Actor-Critic for Mixed Cooperative-Competitive Environments},
	journal   = {Advances in Neural Information Processing Systems (NeurIPS)},
	year      = {2017},
	volume    = {30},
	url       = {https://arxiv.org/abs/1706.02275},
	doi       = {10.48550/arXiv.1706.02275}
}

@article{Zhang2023,
	author    = {H. Zhang and Z. Shi and Y. Hu and W. Ding and E. E. Kuruoglu and X.-P. Zhang},
	title     = {Strategic Trading in Quantitative Markets Through Multi-Agent Reinforcement Learning},
	journal   = {arXiv preprint},
	year      = {2023},
	url       = {https://arxiv.org/abs/2303.11959},
	doi       = {10.48550/arXiv.2303.11959}
}

@article{Thakkar2021,
	author    = {A. Thakkar and K. Chaudhari},
	title     = {A Comprehensive Survey on Deep Neural Networks for Stock Market: The Need, Challenges, and Future Directions},
	journal   = {Expert Systems with Applications},
	volume    = {177},
	pages     = {114800},
	year      = {2021},
	url       = {https://doi.org/10.1016/j.eswa.2021.114800},
	doi       = {10.1016/j.eswa.2021.114800}
}

@book{Shreve2004,
	author    = {Steven E. Shreve},
	title     = {Stochastic Calculus for Finance II: Continuous-Time Models},
	year      = {2004},
	publisher = {Springer},
	url       = {https://doi.org/10.1007/978-0-387-40101-3},
	doi       = {10.1007/978-0-387-40101-3}
}

@article{BlackScholes1973,
	author    = {Fischer Black and Myron Scholes},
	title     = {The Pricing of Options and Corporate Liabilities},
	journal   = {Journal of Political Economy},
	year      = {1973},
	volume    = {81},
	pages     = {637--654},
	url       = {https://www.jstor.org/stable/1831029},
	doi       = {10.1086/260062}
}

@article{Bachelier1900,
	author    = {Louis Bachelier},
	title     = {Théorie de la spéculation},
	journal   = {Annales scientifiques de l’École Normale Supérieure},
	year      = {1900},
	volume    = {17},
	pages     = {21--86},
	url       = {https://doi.org/10.24033/asens.476},
	doi       = {10.24033/asens.476}
}

@book{FollmerSchied2016,
	author    = {Hans Föllmer and Alexander Schied},
	title     = {Stochastic Finance: An Introduction in Discrete Time},
	year      = {2016},
	edition   = {4},
	publisher = {de Gruyter},
	url       = {https://doi.org/10.1515/9783110463469},
	doi       = {10.1515/9783110463469}
}

@article{Heston1993,
	author    = {Steven L. Heston},
	title     = {A Closed-Form Solution for Options with Stochastic Volatility},
	journal   = {The Review of Financial Studies},
	year      = {1993},
	volume    = {6},
	pages     = {327--343},
	url       = {https://doi.org/10.1093/rfs/6.2.327},
	doi       = {10.1093/rfs/6.2.327}
}

@article{Moody1998,
	author    = {John Moody and Matthew Saffell},
	title     = {Reinforcement Learning for Trading Systems and Portfolios},
	journal   = {Proceedings of the IEEE/IAFE Conference on Computational Intelligence for Financial Engineering},
	year      = {1998},
	pages     = {32--38},
	doi       = {10.1109/CIFER.1998.683464}
}

@article{Dempster2006,
	author    = {M. Dempster and V. Leemans},
	title     = {An Automated FX Trading System Using Adaptive Reinforcement Learning},
	journal   = {Expert Systems with Applications},
	year      = {2006},
	volume    = {30},
	pages     = {543--552},
	url       = {https://doi.org/10.1016/j.eswa.2005.10.002},
	doi       = {10.1016/j.eswa.2005.10.002}
}

@article{Watkins1992,
	author    = {C. J. C. H. Watkins and Peter Dayan},
	title     = {Q-Learning},
	journal   = {Machine Learning},
	year      = {1992},
	volume    = {8},
	pages     = {279--292},
	doi       = {10.1007/BF00992698}
}

@article{Mnih2015,
	author    = {Volodymyr Mnih et al.},
	title     = {Human-Level Control Through Deep Reinforcement Learning},
	journal   = {Nature},
	year      = {2015},
	volume    = {518},
	pages     = {529--533},
	url       = {https://doi.org/10.1038/nature14236},
	doi       = {10.1038/nature14236}
}

@article{Schulman2017,
	author    = {John Schulman et al.},
	title     = {Proximal Policy Optimization Algorithms},
	journal   = {arXiv preprint},
	year      = {2017},
	url       = {https://arxiv.org/abs/1707.06347},
	doi       = {10.48550/arXiv.1707.06347}
}

@article{Kolm2021,
	author    = {Petter Kolm and Gordon Ritter},
	title     = {Modern Perspectives on Reinforcement Learning in Finance},
	journal   = {Journal of Financial Data Science},
	year      = {2021},
	volume    = {3},
	pages     = {10--23},
	url       = {https://doi.org/10.3905/jfds.2021.1.078},
	doi       = {10.3905/jfds.2021.1.078}
}
