%%%%%%%%%%%%%%%%%%%%%%%%%%%%%%%%%%%%%%%%%%%%%%%%%%
%%%% BERICHTE (Reports)
%%%%%%%%%%%%%%%%%%%%%%%%%%%%%%%%%%%%%%%%%%%%%%%%%%

% UN SDG-Bericht
@report{sdg_bericht,
	author      = {United Nations},
	title       = {UN Sustainable Development Goals Report},
	institution = {United Nations},
	year        = {2023},
	url         = {https://sdgs.un.org/goals/goal13},
	urldate     = {2025-02-08}
}

% Bericht der Europäischen Kommission zum Emissionshandel
@report{eu_emissionhandel,
	author      = {Europäische Kommission},
	title       = {Das EU-Emissionshandelssystem (EU-ETS)},
	institution = {Europäische Kommission},
	year        = {2024},
	url         = {https://climate.ec.europa.eu/eu-action/eu-emissions-trading-system-eu-ets_de},
	urldate     = {2025-02-08}
}