%%%%%%%%%%%%%%%%%%%%%%%%%%%%%%%%%%%%%%%%%%%%%%%%%%
%%%% KOMMENTARE (Kommentare zu Gesetzen)
%%%%%%%%%%%%%%%%%%%%%%%%%%%%%%%%%%%%%%%%%%%%%%%%%%

% Kommentar von Manz
@book{Fabrizy2022,
	author    = {Fabrizy, Michel-Kwapinski, Oshidari},
	title     = {Strafgesetzbuch § 120 StGB\textsuperscript{14}},
	publisher = {MANZ Verlag},
	year      = {2022},
	note      = {Stand 10.03.2022, rdb.at}
}



%%%%%%%%%%%%%%%%%%%%%%%%%%%%%%%%%%%%%%%%%%%%%%%%%%
%%%% MONOGRAFIEN (Einzelwerke, Bücher)
%%%%%%%%%%%%%%%%%%%%%%%%%%%%%%%%%%%%%%%%%%%%%%%%%%

% Monografie zum Gesellschaftsrecht
@book{fleischer_gesellschaftsrecht,
	author    = {Holger Fleischer},
	title     = {Klimaschutz im Gesellschafts-, Bilanz- und Kapitalmarktrecht},
	journal   = {Max-Planck-Institut für Privatrecht},
	year      = {2023},
	url       = {www.mpipriv.de/klimaschutz-und-gesellschaftsrecht}
}

% Leitfaden – sollte ggf. als @report geführt werden?
@book{fraunhofer_klimamanagement,
	author    = {Fraunhofer IPK},
	title     = {Leitfaden Klimamanagement in Unternehmen},
	year      = {2024},
	publisher = {Fraunhofer Institut für Produktionsanlagen und Konstruktionstechnik},
	pages     = {15-30},
	url       = {www.ipk.fraunhofer.de/content/dam/ipk/IPK_Hauptseite/dokumente/andere-pdfs/um-Leitfaden-Klimamanagement-in-Unternehmen-240502.pdf}
}

% Monografie zu Rechtsdogmatik
@book{klug_rechtsdogmatik,
	author    = {Klug, Ulrich},
	title     = {Rechtsdogmatik: Grundlagen und Methoden},
	year      = {2021},
	publisher = {Springer Verlag}
}

% Monografie zu Rechtsanwendung
@book{kelsen_rechtsanwendung,
	author    = {Kelsen, Hans},
	title     = {Rechtsanwendung und Norminterpretation},
	year      = {2023},
	publisher = {Mohr Siebeck},
	pages     = {17-35}
}
