
%%%%%%%%%%%%%%%%%%%%%%%%%%%%%%%%%%%%%%%%%%%%%%%%%%
%%%% ONLINE-QUELLEN
%%%%%%%%%%%%%%%%%%%%%%%%%%%%%%%%%%%%%%%%%%%%%%%%%%

% Online Quelle zum EU-Klimapolitik-Rahmen
@online{eu_klimapolitik,
	author    = {{Rat der Europäischen Union}},
	title     = {EU-Klimapolitik und nationale Umsetzung},
	year      = {2024},
	url       = {www.consilium.europa.eu/de/policies/climate-change},
	note      = {abgefragt am 07.02.2025}
}

% BaFin Bericht zu Nachhaltigkeitsrisiken
@online{bafin_nachhaltigkeit,
	author    = {Bundesanstalt für Finanzdienstleistungsaufsicht (BaFin)},
	title     = {Nachhaltigkeitsrisiken – Erwartungen der Aufsicht an Unternehmen},
	year      = {2022},
	url       = {www.bafin.de/SharedDocs/Downloads/DE/Merkblatt/dl_mb_Nachhaltigkeitsrisiken.pdf},
	note      = {abgefragt am 07.02.2025}
}

% BaFin Bericht zur SFDR-Verordnung
@online{bafin_sfdr,
	author    = {Bundesanstalt für Finanzdienstleistungsaufsicht (BaFin)},
	title     = {Offenlegungsverordnung (SFDR) – Nachhaltigkeitsrisiken in der Finanzwirtschaft},
	year      = {2022},
	url       = {www.bafin.de/SharedDocs/Downloads/DE/Merkblatt/dl_mb_Nachhaltigkeitsrisiken.pdf},
	note      = {abgefragt am 07.02.2025}
}
