%%%%%%%%%%%%%%%%%%%%%%%%%%%%%%%%%%%%%%%%%%%%%%%%%%
%%%% RECHTSQUELLEN (Gesetze, EU-Richtlinien, Verordnungen)
%%%%%%%%%%%%%%%%%%%%%%%%%%%%%%%%%%%%%%%%%%%%%%%%%%

% Nationales Gesetz (Österreich)
@legislation{umweltinfo_gesetz,
	title       = {Umweltinformationsgesetz (UIG)},
	shorttitle  = {UIG},
	number      = {BGBl. I Nr. 128/2005}
}

% EU-Richtlinie zur Nachhaltigkeitsberichterstattung (CSRD)
@eulegislation{eu_csrd,
	type        = {RL},
	number      = {(EU) 2022/2464},
	title       = {über die Nachhaltigkeitsberichterstattung von Unternehmen},
	note        = {{des Europäischen Parlaments und Rat der EU}},
	date        = {2022-12-14},
	journal     = {ABl. L 322/15, 30},
	shorttitle  = {CSRD}
}

% EU-Verordnung zur Taxonomie nachhaltiger Investitionen
@eulegislation{eu_taxonomie,
	type        = {VO},
	number      = {(EU) 2020/852},
	title       = {zur Schaffung eines Rahmens zur Erleichterung nachhaltiger Investitionen},
	note        = {{des Europäischen Parlaments und Rat der EU}},
	date        = {2020-06-18},
	journal     = {ABl. L 198/13, 22},
	shorttitle  = {EU-Taxonomie-VO}
}

% EU-Richtlinie zur Förderung erneuerbarer Energien
@eulegislation{eu_renewable_energy,
	type        = {RL},
	number      = {(EU) 2023/2413},
	title       = {zur Förderung der Nutzung von Energie aus erneuerbaren Quellen},
	note        = {{des Europäischen Parlaments und Rat der EU}},
	date        = {2023-10-31},
	journal     = {ABl. L 309/1, 40},
	shorttitle  = {EE-RL}
}

% EU-Richtlinie zur Energieeffizienz
@eulegislation{eu_energy_efficiency,
	type        = {RL},
	number      = {(EU) 2023/1791},
	title       = {zur Verbesserung der Energieeffizienz in der Europäischen Union},
	note        = {{des Europäischen Parlaments und Rat der EU}},
	date        = {2023-09-20},
	journal     = {ABl. L 229/1, 10},
	shorttitle  = {EE-RL}
}

% EU-Verordnung zur Lastenteilung der Emissionsminderungen
@eulegislation{eu_sharing_effort,
	type        = {VO},
	number      = {(EU) 2023/857},
	title       = {zur Festlegung nationaler Emissionsminderungsziele im Rahmen der Lastenteilung},
	note        = {{des Europäischen Parlaments und Rat der EU}},
	date        = {2023-04-19},
	journal     = {ABl. L 111/1, 8},
	shorttitle  = {LastenteilungsVO}
}

% EU-Verordnung zur Landnutzung und Forstwirtschaft (LULUCF)
@eulegislation{eu_land_use,
	type        = {VO},
	number      = {(EU) 2023/839},
	title       = {über die Einbeziehung von Landnutzung, Landnutzungsänderungen und Forstwirtschaft in die Klima- und Energiepolitik},
	note        = {{des Europäischen Parlaments und Rat der EU}},
	date        = {2023-04-10},
	journal     = {ABl. L 107/1, 6},
	shorttitle  = {LULUCF-VO}
}

% EU-Richtlinie zur unternehmerischen Sorgfaltspflicht (CSDDD)
@eulegislation{eu_csddd,
	type        = {RL},
	number      = {(EU) 2024/1760},
	title       = {über die Sorgfaltspflichten von Unternehmen im Hinblick auf Nachhaltigkeit},
	note        = {{des Europäischen Parlaments und Rat der EU}},
	date        = {2024-06-13},
	journal     = {ABl. L 5.7.2024},
	shorttitle  = {CSDDD}
}

% EU-Verordnung zur Wiederherstellung der Natur
@eulegislation{eu_nature_restoration,
	type        = {VO},
	number      = {(EU) 2024/1991},
	title       = {über die Wiederherstellung der Natur und zur Änderung der Verordnung (EU) 2022/869},
	note        = {{Europäisches Parlament und Rat der EU}},
	date        = {2024-06-24},
	journal     = {ABl. L 206, 25.7.2024, 1–25},
	shorttitle  = {NaturwiederherstellungsVO}
}

% EU-Richtlinie zur Umwelthaftung (2004)
@eulegislation{eu_umwelthaftung,
	type        = {RL},
	number      = {(EU) 2004/35},
	title       = {über Umwelthaftung zur Vermeidung und Sanierung von Umweltschäden},
	note        = {{Europäisches Parlament und Rat der EU}},
	date        = {2004-04-21},
	journal     = {ABl. L 143/56, 57},
	shorttitle  = {Umwelthaftungsrichtlinie}
}

