%%%%%%%%%%%%%%%%%%%%%%%%%%%%%%%%%%%%%%%%%%%%%%%%%%
%%%% RECHTSPRECHUNG (Gerichtsentscheidungen)
%%%%%%%%%%%%%%%%%%%%%%%%%%%%%%%%%%%%%%%%%%%%%%%%%%

% EuGH-Urteil zur Klimaklage
@case{eu_klimaklage,
	title         = {EuGH 25.3.2021, C-565/19 P, Carvalho u. a./Parlament und Rat},
	shorttitle    = {EuGH, C-565/19 P, Carvalho},
	url           = {https://eur-lex.europa.eu/legal-content/de/TXT/?uri=CELEX:62019CJ0565},
	urldate       = {2025-02-09}
}
