%%%%%%%%%%%%%%%%%%%%%%%%%%%%%%%%%%%%%%%%%%%%%%%%%%
%%%% BEITRÄGE IN SAMMELWERKEN / FESTSCHRIFTEN
%%%%%%%%%%%%%%%%%%%%%%%%%%%%%%%%%%%%%%%%%%%%%%%%%%

% Beitrag in einer Festschrift
@incollection{schulev_klimaschutz,
	author    = {Schulev-Steindl},
	title     = {Verfassungs-, Verwaltungs- und Europarecht mit Fokus auf Klimaschutz},
	booktitle = {Festschrift für Eva Schulev-Steindl},
	editor    = {Apathy and Bollenberger and Bydlinski and Iro and Karner and Karollus},
	year      = {2023}
}
