
%%%%%%%%%%%%%%%%%%%%%%%%%%%%%%%%%%%%%%%%%%%%%%%%%%
%%%% ZEITSCHRIFTENARTIKEL (Artikel aus Fachzeitschriften)
%%%%%%%%%%%%%%%%%%%%%%%%%%%%%%%%%%%%%%%%%%%%%%%%%%

% Zeitschriftenartikel aus der ÖJZ
@article{Kodek2001,
	author    = {G. Kodek},
	title     = {Die Verwertung rechtswidriger Tonbandaufnahmen und Abhörergebnisse im Zivilverfahren},
	journal   = {Österreichische Juristenzeitung (ÖJZ)},
	volume    = {56},
	year      = {2001},
	pages     = {281-334}
}

% Zeitschriftenartikel zur Due Diligence-Richtlinie
@article{euZ_due_diligence,
	author    = {Müller, Maximilian},
	title     = {Die neuen Sorgfaltspflichten für Unternehmen in der EU – Eine Analyse der CSDDD},
	journal   = {Zeitschrift für Europarecht (EuZ)},
	volume    = {10},
	year      = {2024},
	pages     = {145--167},
	url       = {https://eizpublishing.ch/artikel/euz/10-2024/die-neuen-sorgfaltspflichten-fuer-unternehmen-in-der-eu-eine-analyse-der-csddd},
	urldate   = {2025-02-09}
}
